<collection xmlns="http://www.loc.gov/MARC21/slim">
<record>
  <leader>01386nam0a22002891i 450 </leader>
  <controlfield tag="001">IT\ICCU\CNCE\077076</controlfield>
  <controlfield tag="005">20111124000000.0</controlfield>
  <datafield tag="012" ind1=" " ind2=" ">
    <subfield code="a">m.t- usy- ornt tare (C) 1522 (R)</subfield>
    <subfield code="2">fei</subfield>
  </datafield>
  <datafield tag="100" ind1=" " ind2=" ">
    <subfield code="a">20111124d1522        0itac0103    ba</subfield>
  </datafield>
  <datafield tag="101" ind1=" " ind2=" ">
    <subfield code="a">LAT</subfield>
  </datafield>
  <datafield tag="102" ind1=" " ind2=" ">
    <subfield code="a">IT</subfield>
  </datafield>
  <datafield tag="200" ind1="1" ind2=" ">
    <subfield code="a">℗Thomae Dion. Polij Neapol. ℗Prelectio in Claudi Galeni micratechne habita in Neapolitana diui Thomae Aquinatis Academia. 7. Id. Decembris 1521</subfield>
  </datafield>
  <datafield tag="210" ind1=" " ind2=" ">
    <subfield code="e">Neapoli</subfield>
    <subfield code="g">apud Antonium Frizium Corinald.</subfield>
    <subfield code="h">prope Magnam Curiam Vicarie</subfield>
    <subfield code="h">mense Ian. 1522</subfield>
  </datafield>
  <datafield tag="215" ind1=" " ind2=" ">
    <subfield code="a">\20! c.</subfield>
    <subfield code="d">4ʻ</subfield>
  </datafield>
  <datafield tag="620" ind1=" " ind2=" ">
    <subfield code="a">IT</subfield>
    <subfield code="d">Napoli</subfield>
  </datafield>
  <datafield tag="700" ind1=" " ind2="1">
    <subfield code="a">Polio,</subfield>
    <subfield code="b">Tommaso Dionisio</subfield>
    <subfield code="3">IT\ICCU\CNCA\000094</subfield>
  </datafield>
  <datafield tag="712" ind1="0" ind2="0">
    <subfield code="a">Frezza, Antonio</subfield>
    <subfield code="3">IT\ICCU\CNCT\000142</subfield>
    <subfield code="4">650</subfield>
  </datafield>
  <datafield tag="790" ind1=" " ind2="1">
    <subfield code="a">Polius,</subfield>
    <subfield code="b">Thomas Dionysius</subfield>
    <subfield code="3">IT\ICCU\CNCA\014887</subfield>
    <subfield code="z">Polio, Tommaso Dionisio</subfield>
  </datafield>
  <datafield tag="791" ind1="0" ind2="0">
    <subfield code="a">Frizis, Antonius de</subfield>
    <subfield code="3">IT\ICCU\CNCT\003818</subfield>
    <subfield code="z">Frezza, Antonio</subfield>
  </datafield>
  <datafield tag="791" ind1="0" ind2="0">
    <subfield code="a">Fretia, Antonius</subfield>
    <subfield code="3">IT\ICCU\CNCT\003819</subfield>
    <subfield code="z">Frezza, Antonio</subfield>
  </datafield>
  <datafield tag="791" ind1="0" ind2="0">
    <subfield code="a">Friza, Antonio</subfield>
    <subfield code="3">IT\ICCU\CNCT\003820</subfield>
    <subfield code="z">Frezza, Antonio</subfield>
  </datafield>
  <datafield tag="791" ind1="0" ind2="0">
    <subfield code="a">Friciis, Antonius de</subfield>
    <subfield code="3">IT\ICCU\CNCT\003821</subfield>
    <subfield code="z">Frezza, Antonio</subfield>
  </datafield>
  <datafield tag="791" ind1="0" ind2="0">
    <subfield code="a">Fritiis, Antonius de</subfield>
    <subfield code="3">IT\ICCU\CNCT\003822</subfield>
    <subfield code="z">Frezza, Antonio</subfield>
  </datafield>
  <datafield tag="791" ind1="0" ind2="0">
    <subfield code="a">Frixis, Antonius de</subfield>
    <subfield code="3">IT\ICCU\CNCT\003823</subfield>
    <subfield code="z">Frezza, Antonio</subfield>
  </datafield>
  <datafield tag="791" ind1="0" ind2="0">
    <subfield code="a">Freza, Antonio</subfield>
    <subfield code="3">IT\ICCU\CNCT\005718</subfield>
    <subfield code="z">Frezza, Antonio</subfield>
  </datafield>
  <datafield tag="801" ind1=" " ind2="3">
    <subfield code="a">IT</subfield>
    <subfield code="b">ICCU</subfield>
    <subfield code="c">20201115</subfield>
  </datafield>
  <datafield tag="899" ind1=" " ind2=" ">
    <subfield code="a">Biblioteca nazionale Vittorio Emanuele III. Napoli</subfield>
    <subfield code="1">NA0079</subfield>
    <subfield code="2">NAP BN</subfield>
  </datafield>
</record>
</collection>
